@book{loizou2013speech,
  author    = {Philipos C. Loizou},
  title     = {Speech Enhancement: Theory and Practice},
  year      = {2007},
  edition   = {1st},
  publisher = {CRC Press},
  address   = {Boca Raton, FL},
  isbn      = {9780429133732},
  doi       = {10.1201/9781420015836}
}

@mastersthesis{dubey2016evaluation,
  title     = {Evaluation of Signal Processing Methods for Speech Enhancement},
  author    = {Dubey, Mahika},
  year      = {2016},
  school    = {University of Illinois at Urbana-Champaign},
  url       = {http://hdl.handle.net/2142/90373}
}

@ARTICLE{ephraim1984speech,
  author={Ephraim, Y. and Malah, D.},
  journal={IEEE Transactions on Acoustics, Speech, and Signal Processing}, 
  title={Speech enhancement using a minimum-mean square error short-time spectral amplitude estimator}, 
  year={1984},
  volume={32},
  number={6},
  pages={1109-1121},
  keywords={Speech enhancement;Amplitude estimation;Phase estimation;Noise reduction;Colored noise;Wiener filter;Filtering algorithms;Gaussian noise;Random variables;Independent component analysis},
  doi={10.1109/TASSP.1984.1164453}}


@INPROCEEDINGS{wei2016mmse,
  author={Wei, Jie and Wang, Ming and Yang, Hongxiao},
  booktitle={2016 IEEE International Conference on Digital Signal Processing (DSP)}, 
  title={MMSE-LSA based wavelet threshold denoising algorithm for low SNR speech}, 
  year={2016},
  volume={},
  number={},
  pages={253-256},
  keywords={Speech;Noise reduction;Signal to noise ratio;Speech enhancement;Noise measurement;Mathematical model;Information processing technology;Speech denoising;MMSE-LSA;Wavelet threshold;Low SNR},
  doi={10.1109/ICDSP.2016.7868556}
}


@inproceedings{sugahara2024hybrid,
  title={Hybrid Speech Enhancement for Hearing Aids with Deep Neural Networks and MMSE-LSA},
  author={Sugahara, Masataka and Kinoshita, Keisuke and Delcroix, Marc and Nakatani, Tomohiro},
  booktitle={ICASSP 2024 - IEEE International Conference on Acoustics, Speech and Signal Processing (ICASSP)},
  year={2024},
  pages={701--705},
  publisher={IEEE},
  doi={10.1109/ICASSP48485.2024.10447335}
}

@INPROCEEDINGS{ rix2001perceptual,
  author={Rix, A.W. and Beerends, J.G. and Hollier, M.P. and Hekstra, A.P.},
  booktitle={2001 IEEE International Conference on Acoustics, Speech, and Signal Processing. Proceedings (Cat. No.01CH37221)}, 
  title={Perceptual evaluation of speech quality (PESQ)-a new method for speech quality assessment of telephone networks and codecs}, 
  year={2001},
  volume={2},
  number={},
  pages={749-752 vol.2},
  keywords={Speech analysis;Quality assessment;Distortion measurement;Nonlinear distortion;Nonlinear filters;Telephony;Signal processing;Delay effects;Speech codecs;Degradation},
  doi={10.1109/ICASSP.2001.941023}
}

@article{taal2011stoi,
  author    = {Cees H. Taal and Richard C. Hendriks and Richard Heusdens and Jesper Jensen},
  title     = {An Algorithm for Intelligibility Prediction of Time–Frequency Weighted Noisy Speech},
  booktitle = {IEEE Transactions on Audio, Speech, and Language Processing},
  year      = {2011},
  volume    = {19},
  number    = {7},
  pages     = {2125--2136},
  doi       = {10.1109/TASL.2011.2114881}
}

@inproceedings{kubichek1993lsd,
  author    = {Robert Kubichek},
  title     = {Mel-Cepstral Distance Measure for Objective Speech Quality Assessment},
  booktitle = {IEEE Pacific Rim Conference on Communications, Computers and Signal Processing},
  year      = {1993},
  pages     = {125--128},
  doi       = {10.1109/PACRIM.1993.407206}
}

@misc{krisp2025,
  author       = {Krisp Technologies Inc.},
  title        = {Krisp: Noise Cancellation and AI Meeting Assistant},
  year         = {2025},
  howpublished = {\url{https://krisp.ai/}}
}


@misc{nvidia2020,
  author       = {NVIDIA Corporation},
  title        = {NVIDIA RTX Voice: Setup Guide},
  howpublished = {\url{https://www.nvidia.com/en-us/geforce/guides/nvidia-rtx-voice-setup-guide/}},
  year         = {2020}
}

@misc{valin2018,
  author       = {Jean-Marc Valin},
  title        = {A Hybrid DSP/Deep Learning Approach to Real-Time Full-Band Speech Enhancement},
  howpublished = {\url{https://github.com/xiph/rnnoise}},
  year         = {2018}
}

@article{larcher2014text,
title = {Text-dependent speaker verification: Classifiers, databases and RSR2015},
journal = {Speech Communication},
volume = {60},
pages = {56-77},
year = {2014},
issn = {0167-6393},
doi = {https://doi.org/10.1016/j.specom.2014.03.001},
url = {https://www.sciencedirect.com/science/article/pii/S0167639314000156},
author = {Anthony Larcher and Kong Aik Lee and Bin Ma and Haizhou Li}
}

@article{azarang2020review,
  author    = {Arian Azarang and Nasser Kehtarnavaz},
  title     = {A review of multi-objective deep learning speech denoising methods},
  journal   = {Speech Communication},
  volume    = {122},
  pages     = {1--10},
  year      = {2020},
  issn      = {0167-6393},
  doi       = {10.1016/j.specom.2020.04.002},
  url       = {https://www.sciencedirect.com/science/article/pii/S0167639319304686},
  keywords  = {Speech denoising, Multi-objective deep learning, Denoising for speech recognition}
}

@inproceedings{vachhani2017dae,
  title     = {Deep Autoencoder Based Speech Features for Improved Dysarthric Speech Recognition},
  author    = {Bhavik Vachhani and Chitralekha Bhat and Biswajit Das and Sunil Kumar Kopparapu},
  year      = {2017},
  booktitle = {Interspeech 2017},
  pages     = {1854--1858},
  doi       = {10.21437/Interspeech.2017-1318},
  issn      = {2958-1796}
}

@misc{epoch2021,
  title={What’s the Backward-Forward FLOP Ratio for Neural Networks?},
  author={Marius Hobbhahn and Jaime Sevilla},
  year={2021},
  url={https://epoch.ai/blog/backward-forward-FLOP-ratio}
}

@article{kim2024residual,
author = {Kim, Seon Man},
title = {End-to-end speech-denoising deep neural network based on residual-attention gated linear units},
journal = {Electronics Letters},
volume = {60},
number = {20},
pages = {e70020},
keywords = {speech enhancement, speech intelligibility, speech processing},
doi = {https://doi.org/10.1049/ell2.70020},
url = {https://ietresearch.onlinelibrary.wiley.com/doi/abs/10.1049/ell2.70020},
eprint = {https://ietresearch.onlinelibrary.wiley.com/doi/pdf/10.1049/ell2.70020},
year = {2024}
}


@misc{edinburghdataset,
  author       = {Valentini-Botinhao, Cassia},
  title        = {Noisy Speech Database for Training Speech Enhancement Algorithms and TTS Models},
  year         = {2017},
  doi          = {https://doi.org/10.7488/ds/2117},
  howpublished = {\url{https://datashare.ed.ac.uk/handle/10283/2791}}
}

@misc{ccby4,
  author       = {{Creative Commons}},
  title        = {Attribution 4.0 International (CC BY 4.0)},
  year         = {2013},
  howpublished = {\url{https://creativecommons.org/licenses/by/4.0/legalcode}},
}

@article{yoon2020pto,
  author  = {Sung-Hyun Yoon and Ha-Jin Yu},
  title   = {A Simple Distortion-Free Method to Handle Variable Length Sequences for Recurrent Neural Networks in Text Dependent Speaker Verification},
  journal = {Applied Sciences},
  volume  = {10},
  number  = {12},
  pages   = {4092},
  year    = {2020},
  issn    = {2076-3417},
  doi     = {10.3390/app10124092},
  url     = {https://www.mdpi.com/2076-3417/10/12/4092}
}

@misc{mindspore_mixed_precision,
  author       = {{MindSpore Contributors}},
  title        = {Mixed Precision Training — MindSpore Documentation},
  year         = {2024},
  url          = {https://www.mindspore.cn/tutorials/en/r2.3.0rc2/advanced/mixed_precision.html},
}

@misc{chatgpt2025,
  author       = {OpenAI},
  title        = {ChatGPT Plus},
  year         = {2025},
  howpublished = {\url{https://chat.openai.com}},
  note         = {Accessed: May 2025}
}


@misc{github_copilot,
  author       = {GitHub},
  title        = {GitHub Copilot},
  howpublished = {\url{https://github.com/features/copilot}},
  note         = {Accessed: May 2025}
}

@article{pesq_metric,
  author    = {A. W. Rix and J. G. Beerends and M. P. Hollier and A. P. Hekstra},
  title     = {Perceptual Evaluation of Speech Quality (PESQ)—A New Method for Speech Quality Assessment of Telephone Networks and Codecs},
  journal   = {IEEE International Conference on Acoustics, Speech, and Signal Processing (ICASSP)},
  year      = {2001},
  pages     = {749--752},
  doi       = {10.1109/ICASSP.2001.941023}
}

@misc{park2017acoustic,
      title={A Fully Convolutional Neural Network for Speech Enhancement}, 
      author={Se Rim Park and Jinwon Lee},
      year={2016},
      eprint={1609.07132},
      archivePrefix={arXiv},
      primaryClass={cs.LG},
      url={https://arxiv.org/abs/1609.07132},
      doi={10.21437/Interspeech.2017-1465} 
}

@misc{ronneberger2015unet,
      title={U-Net: Convolutional Networks for Biomedical Image Segmentation}, 
      author={Olaf Ronneberger and Philipp Fischer and Thomas Brox},
      year={2015},
      eprint={1505.04597},
      archivePrefix={arXiv},
      primaryClass={cs.CV},
      url={https://arxiv.org/abs/1505.04597},
      doi = {https://doi.org/10.48550/arXiv.1505.04597} 
}

@ARTICLE{Luo2018ConvTasNetSI,
  author={Luo, Yi and Mesgarani, Nima},
  journal={IEEE/ACM Transactions on Audio, Speech, and Language Processing}, 
  title={Conv-TasNet: Surpassing Ideal Time–Frequency Magnitude Masking for Speech Separation}, 
  year={2019},
  volume={27},
  number={8},
  pages={1256-1266},
  doi={10.1109/TASLP.2019.2915167}
}
 
@article{hu2007subjective,
  title={Subjective evaluation and comparison of speech enhancement algorithms},
  author={Hu, Yuantao and Loizou, Philipos C},
  journal={Speech Communication},
  volume={49},
  number={7-8},
  pages={588--601},
  year={2007},
  publisher={Elsevier},
  doi={10.1016/j.specom.2006.12.006}
}

@INPROCEEDINGS{wu2023scaleformer,
  author={Wu, Tianci and He, Shulin and Zhang, Hui and Zhang, XueLiang},
  booktitle={2023 Asia Pacific Signal and Information Processing Association Annual Summit and Conference (APSIPA ASC)}, 
  title={ScaleFormer: Transformer-based speech enhancement in the multi-scale time domain}, 
  year={2023},
  volume={},
  number={},
  pages={2448-2453},
  doi={10.1109/APSIPAASC58517.2023.10317310}
}

@misc{defossez2019demucs,
      title={Music Source Separation in the Waveform Domain}, 
      author={Alexandre Défossez and Nicolas Usunier and Léon Bottou and Francis Bach},
      year={2021},
      eprint={1911.13254},
      archivePrefix={arXiv},
      primaryClass={cs.SD},
      url={https://arxiv.org/abs/1911.13254}, 
      doi = {https://doi.org/10.48550/arXiv.1911.13254}
}


@article{li2022voicefixer,
      title={VoiceFixer: Toward General Speech Restoration with Neural Vocoder}, 
      author={Haohe Liu and Qiuqiang Kong and Qiao Tian and Yan Zhao and DeLiang Wang and Chuanzeng Huang and Yuxuan Wang},
      year={2021},
      eprint={2109.13731},
      archivePrefix={arXiv},
      primaryClass={cs.SD},
      url={https://arxiv.org/abs/2109.13731},
      doi = {https://doi.org/10.48550/arXiv.2109.13731}
}

@misc{meyer2022deepfilternet,
      title={DeepFilterNet2: Towards Real-Time Speech Enhancement on Embedded Devices for Full-Band Audio}, 
      author={Hendrik Schröter and Alberto N. Escalante-B. and Tobias Rosenkranz and Andreas Maier},
      year={2022},
      eprint={2205.05474},
      archivePrefix={arXiv},
      primaryClass={eess.AS},
      url={https://arxiv.org/abs/2205.05474}, 
}